@article{The_Rise_of_Serverless_Computing,
	author = {Castro, Paul and Ishakian, Vatche and Muthusamy, Vinod and Slominski, Aleksander},
	title = {The Rise of Serverless Computing},
	year = {2019},
	issue_date = {December 2019},
	publisher = {Association for Computing Machinery},
	address = {New York, NY, USA},
	volume = {62},
	number = {12},
	issn = {0001-0782},
	url = {https://doi.org/10.1145/3368454},
	doi = {10.1145/3368454},
	abstract = {The server is dead, long live the server.},
	journal = {Commun. ACM},
	month = nov,
	pages = {44â€“54},
	numpages = {11}
}

@article{lin2019mitigating,
	title={Mitigating cold starts in serverless platforms: A pool-based approach},
	author={Lin, Ping-Min and Glikson, Alex},
	journal={arXiv preprint arXiv:1903.12221},
	year={2019}
}

@inproceedings{mohan2019agile,
	title={Agile cold starts for scalable serverless},
	author={Mohan, Anup and Sane, Harshad and Doshi, Kshitij and Edupuganti, Saikrishna and Nayak, Naren and Sukhomlinov, Vadim},
	booktitle={11th $\{$USENIX$\}$ Workshop on Hot Topics in Cloud Computing (HotCloud 19)},
	year={2019}
}

@inproceedings{shahrad2020serverless,
  title={Serverless in the wild: Characterizing and optimizing the serverless workload at a large cloud provider},
  author={Shahrad, Mohammad and Fonseca, Rodrigo and Goiri, {\'I}{\~n}igo and Chaudhry, Gohar and Batum, Paul and Cooke, Jason and Laureano, Eduardo and Tresness, Colby and Russinovich, Mark and Bianchini, Ricardo},
  booktitle={2020 $\{$USENIX$\}$ Annual Technical Conference ($\{$USENIX$\}$$\{$ATC$\}$ 20)},
  pages={205--218},
  year={2020}
}

